%信噪比公式
@book{creighton2012gravitational,
  title     = {Gravitational-wave physics and astronomy: An introduction to theory, experiment and data analysis},
  author    = {Creighton, Jolien DE and Anderson, Warren G},
  year      = {2012},
  publisher = {John Wiley \& Sons}
}
